% Encoding: UTF-8
@book{Knuth1998,
 author = {Knuth, Donald E.},
 title = {The art of computer programming,  volume 3: (2nd ed.) sorting and searching},
 year = {1998},
 publisher = {Addison Wesley Longman Publishing Co., Inc.},
 address = {Redwood City, CA, USA}
}

@book{Pollefliet2011,
  author = {Pollefliet, Leen},
  title = {Schrijven van verslag tot eindwerk: do's en don'ts},
  year = {2011},
  publisher = {Academia Press},
  address = {Gent}
}

@article{Creeger2009,
  author = {Creeger, Mache},
  journal = {Communications of the ACM},
  number = {8},
  pages = {50--56},
  title = {{CTO Roundtable: Cloud Computing}},
  volume = {52},
  year = {2009}
}

@Book{Loeliger2009,
  author    = {Loeliger, Jon},
  title     = {Version Control with Git},
  year      = {2012},
  date      = {2012-09-01},
  publisher = {O'Reilly UK Ltd.},
  isbn      = {9781449316389},
  url       = {https://books.google.be/books?hl=nl&lr=&id=aM7-Oxo3qdQC&oi=fnd&pg=PR3&dq=Version+control&ots=39BeLFUfqd&sig=V5WFl33nbxhbMH1r97EwxMfmdqs#v=onepage&q&f=false},
  ean       = {9781449316389},
}

@WWW{Git2018,
  author = {Jason Warner},
  editor = {Jason Warner},
  title  = {Thank you for 100 million repositories},
  year   = {2018},
  date   = {2018-10-08},
  url    = {https://github.blog/2018-11-08-100m-repos/},
}

@Book{Sun2007,
  author  = {Sun Microsystems},
  title   = {Sun Java System Directory Server Enterprise Edition 6.0 Deployment Planning Guide},
  year    = {2007},
  date    = {2007-03},
  editor  = {Sun Microsystems},
  url     = {https://docs.oracle.com/cd/E19693-01/819-0992/fjdch/index.html},
  urldate = {2020-02-29},
}

@Article{Tichy85rcs,
  author    = {Walter F. Tichy},
  title     = {RCS -- A System for Version Control},
  journal   = {Software: Practice and Experience},
  year      = {1985},
  volume    = {15},
  number    = {7},
  month     = July,
  pages     = {637--654},
  doi       = {10.1002/spe.4380150703},
  publisher = {Wiley},
}

@WWW{GNUCSSC,
  author = {James Youngman},
  editor = {James Youngman},
  title  = {GNU CSSC},
  year   = {2016},
  date   = {2016-06-11},
  url    = {https://www.gnu.org/software/cssc/},
}

@Article{Rochkind1975,
  author    = {Marc J. Rochkind},
  title     = {The source code control system},
  journal   = {{IEEE} Transactions on Software Engineering},
  year      = {1975},
  volume    = {{SE}-1},
  number    = {4},
  month     = {dec},
  pages     = {364--370},
  doi       = {10.1109/tse.1975.6312866},
  publisher = {Institute of Electrical and Electronics Engineers ({IEEE})},
}

@Unpublished{Lievens2019,
  author = {Stijn Lievens},
  title  = {Probleemoplossend Denken II Lesnotaâ€™s},
  year   = {2019},
  date   = {2019-02-05},
}

@Comment{jabref-meta: databaseType:biblatex;}
